<record><leader>00000cas a2200000 a 4500</leader><controlfield tag="001">613192818</controlfield><controlfield tag="006">m        d        </controlfield><controlfield tag="007">cr |||||||||||</controlfield><controlfield tag="008">100510d18571858gaudn neo     0    0eng c</controlfield><datafield ind1=" " ind2=" " tag="010"><subfield code="a">  2010233945</subfield></datafield><datafield ind1=" " ind2=" " tag="040"><subfield code="a">GUA</subfield><subfield code="b">eng</subfield><subfield code="c">GUA</subfield><subfield code="d">GUA</subfield><subfield code="d">OCLCQ</subfield><subfield code="d">OCLCF</subfield><subfield code="d">OCLCO</subfield></datafield><datafield ind1=" " ind2=" " tag="042"><subfield code="a">pcc</subfield></datafield><datafield ind1=" " ind2=" " tag="043"><subfield code="a">n-us-ga</subfield></datafield><datafield ind1="1" ind2="4" tag="050"><subfield code="a">AN13.A82</subfield></datafield><datafield ind1="0" ind2="4" tag="245"><subfield code="a">The Atlanta daily intelligencer and examiner</subfield><subfield code="h">[electronic resource].</subfield></datafield><datafield ind1="1" ind2="0" tag="246"><subfield code="a">Daily intelligencer &amp; examiner</subfield></datafield><datafield ind1=" " ind2=" " tag="260"><subfield code="a">Atlanta, Ga. :</subfield><subfield code="b">Duncan &amp; Lochrane</subfield></datafield><datafield ind1=" " ind2=" " tag="310"><subfield code="a">Daily (except Mon.)</subfield></datafield><datafield ind1="1" ind2=" " tag="362"><subfield code="a">Print began on Sept. 28, 1857; ceased in Mar. 1858.</subfield></datafield><datafield ind1=" " ind2=" " tag="588"><subfield code="a">Description based on: New ser., vol. 1, no. 2 (Sept. 29, 1857); title from pdf image of caption (Georgia Historical Newspapers, viewed Apr. 29, 2010).</subfield></datafield><datafield ind1=" " ind2=" " tag="588"><subfield code="a">Latest issue consulted: New ser. vol. 1, no. 136 (Mar. 9, 1858), viewed Apr. 29, 2010.</subfield></datafield><datafield ind1=" " ind2="0" tag="651"><subfield code="a">Atlanta (Ga.)</subfield><subfield code="v">Newspapers.</subfield></datafield><datafield ind1=" " ind2="0" tag="651"><subfield code="a">Fulton County (Ga.)</subfield><subfield code="v">Newspapers.</subfield></datafield><datafield ind1=" " ind2="7" tag="655"><subfield code="a">Newspapers.</subfield><subfield code="2">fast</subfield><subfield code="0">(OCoLC)fst01423814</subfield></datafield><datafield ind1=" " ind2="7" tag="651"><subfield code="a">Georgia</subfield><subfield code="z">Atlanta.</subfield><subfield code="2">fast</subfield><subfield code="0">(OCoLC)fst01204627</subfield></datafield><datafield ind1=" " ind2="7" tag="651"><subfield code="a">Georgia</subfield><subfield code="z">Fulton County.</subfield><subfield code="2">fast</subfield><subfield code="0">(OCoLC)fst01211153</subfield></datafield><datafield ind1=" " ind2=" " tag="752"><subfield code="a">United States</subfield><subfield code="b">Georgia</subfield><subfield code="c">Fulton</subfield><subfield code="d">Atlanta.</subfield></datafield><datafield ind1="0" ind2=" " tag="775"><subfield code="t">Atlanta weekly intelligencer &amp; examiner</subfield><subfield code="w">(DLC)sn 85027106</subfield><subfield code="w">(OCoLC)12957066</subfield></datafield><datafield ind1="0" ind2="8" tag="776"><subfield code="i">Print version:</subfield><subfield code="t">Atlanta daily intelligencer and examiner</subfield><subfield code="w">(DLC)sn 89053737</subfield><subfield code="w">(OCoLC)20942274</subfield></datafield><datafield ind1="1" ind2="4" tag="780"><subfield code="t">Atlanta daily examiner</subfield></datafield><datafield ind1="1" ind2="4" tag="780"><subfield code="t">Atlanta daily intelligencer</subfield><subfield code="w">(DLC)  2010233900</subfield><subfield code="w">(OCoLC)613203660</subfield></datafield><datafield ind1="0" ind2="0" tag="785"><subfield code="t">Daily intelligencer (Atlanta, Ga. : 1858 : Online)</subfield><subfield code="w">(DLC)  2010233920</subfield><subfield code="w">(OCoLC)613206086</subfield></datafield><datafield ind1="4" ind2="0" tag="856"><subfield code="z">Issues listed under title: Atlanta daily intelligencer</subfield><subfield code="u">http://atlnewspapers.galileo.usg.edu/atlnewspapers/search?sort=year&amp;title=Intelligencer&amp;source.page=1</subfield></datafield></record>